@inproceedings{ganitkevitch2013ppdb,
	Author = {Ganitkevitch, Juri and Van Durme, Benjamin and Callison-Burch, Chris},
	Booktitle = {Proceedings of NAACL-HLT},
	Keywords = {ben, 12_sep_2013},
	Pages = {758--764},
	Title = {PPDB: The paraphrase database},
	Year = {2013}}

@inproceedings{bannard2005paraphrasing,
	Author = {Bannard, Colin and Callison-Burch, Chris},
	Booktitle = {Proceedings of the 43rd Annual Meeting on Association for Computational Linguistics},
	Organization = {Association for Computational Linguistics},
	Pages = {597--604},
	Title = {Paraphrasing with bilingual parallel corpora},
	Year = {2005}}


@article{hotelling1935the,
	Author = {Hotelling, H.},
	Date-Added = {2014-04-07 15:49:10 -0400},
	Date-Modified = {2014-04-07 15:51:19 -0400},
	Issn = {0022-0663},
	Journal = {Journal of Educational Psychology},
	Keywords = {multiview ppdb},
	Number = {2},
	Pages = {139 - 142},
	Title = {The most predictable criterion.},
	Url = {http://search.ebscohost.com/login.aspx?direct=true&db=pdh&AN=1935-03006-001&site=ehost-live&scope=site},
	Volume = {26},
	Year = {1935},
	Abstract = {Since several measurable criteria may often be found which can be taken as estimates of a single non-measurable variable, there is sometimes need for finding a linear function of the criterion variates which can be most accurately predicted from given observations. A solution for the problem is given. (PsycINFO Database Record (c) 2013 APA, all rights reserved) },
	Bdsk-Url-1 = {http://search.ebscohost.com/login.aspx?direct=true&db=pdh&AN=1935-03006-001&site=ehost-live&scope=site}}

@article{borga2001canonical,
	Author = {Borga, Magnus},
	Date-Added = {2014-04-07 15:50:27 -0400},
	Date-Modified = {2014-04-07 15:51:24 -0400},
	Journal = {Online tutorial},
	Keywords = {multiview ppdb},
	Title = {Canonical correlation: a tutorial},
	Url = {http://people.imt.liu.se/magnus/cca},
	Volume = {4},
	Year = {2001},
	Bdsk-Url-1 = {http://people.imt.liu.se/magnus/cca}}

@article{bach2005probabilistic,
	Author = {Bach, Francis R and Jordan, Michael I},
	Date-Added = {2014-04-03 05:48:42 -0400},
	Date-Modified = {2014-04-03 05:48:46 -0400},
	Keywords = {multiview ppdb},
	Publisher = {Technical Report 688, Department of Statistics, University of California, Berkeley},
	Title = {A probabilistic interpretation of canonical correlation analysis},
	Year = {2005}}

@incollection{kakade2007multi,
	Author = {Kakade, Sham M and Foster, Dean P},
	Booktitle = {Learning Theory},
	Date-Added = {2014-04-03 05:34:15 -0400},
	Date-Modified = {2014-04-03 05:43:37 -0400},
	Keywords = {multiview ppdb},
	Pages = {82--96},
	Publisher = {Springer},
	Title = {Multi-view regression via canonical correlation analysis},
	Year = {2007}}

@inproceedings{collobert2008unified,
	Author = {Collobert, Ronan and Weston, Jason},
	Booktitle = {Proceedings of the 25th international conference on Machine learning},
	Date-Added = {2014-04-09 18:48:39 -0400},
	Date-Modified = {2014-04-09 18:53:15 -0400},
	Keywords = {multiview ppdb},
	Organization = {ACM},
	Pages = {160--167},
	Title = {A unified architecture for natural language processing: Deep neural networks with multitask learning},
	Year = {2008}}

@inproceedings{ganchevuai08,
	Author = {Kuzman Ganchev and Joao Graca and John Blitzer and Ben Taskar},
	Booktitle = {Uncertainty in Artificial Intelligence},
	Date-Added = {2014-04-03 06:26:00 -0400},
	Date-Modified = {2014-04-03 06:26:05 -0400},
	Keywords = {multiview ppdb},
	Title = {Multi-View Learning over Structured and Non-Identical Outputs},
	Year = {2008}}

@inproceedings{Burkett2008Two,
	Acmid = {1613828},
	Address = {Stroudsburg, PA, USA},
	Author = {Burkett, David and Klein, Dan},
	Booktitle = {Proceedings of the Conference on Empirical Methods in Natural Language Processing},
	Date-Added = {2014-04-03 05:44:41 -0400},
	Date-Modified = {2014-04-03 05:45:05 -0400},
	Keywords = {multiview ppdb},
	Location = {Honolulu, Hawaii},
	Numpages = {10},
	Pages = {877--886},
	Publisher = {Association for Computational Linguistics},
	Series = {EMNLP '08},
	Title = {Two Languages Are Better Than One (for Syntactic Parsing)},
	Url = {http://dl.acm.org/citation.cfm?id=1613715.1613828},
	Year = {2008},
	Bdsk-Url-1 = {http://dl.acm.org/citation.cfm?id=1613715.1613828}}

@inproceedings{haghighi2008learning,
	Author = {Haghighi, Aria and Liang, Percy and Berg-Kirkpatrick, Taylor and Klein, Dan},
	Booktitle = {ACL},
	Date-Added = {2014-04-03 00:47:46 -0400},
	Date-Modified = {2014-04-03 00:50:12 -0400},
	Keywords = {multiview ppdb},
	Pages = {771--779},
	Title = {Learning Bilingual Lexicons from Monolingual Corpora.},
	Volume = {2008},
	Year = {2008}}

@inproceedings{burkett2010learning,
	Author = {Burkett, David and Petrov, Slav and Blitzer, John and Klein, Dan},
	Booktitle = {Proceedings of the Fourteenth Conference on Computational Natural Language Learning},
	Date-Added = {2014-04-03 00:49:10 -0400},
	Date-Modified = {2014-04-03 00:50:12 -0400},
	Keywords = {multiview ppdb},
	Organization = {Association for Computational Linguistics},
	Pages = {46--54},
	Title = {Learning better monolingual models with unannotated bilingual text},
	Year = {2010}}

@inproceedings{dhillon2011multi,
	Author = {Dhillon, Paramveer S and Foster, Dean P and Ungar, Lyle H},
	Booktitle = {NIPS},
	Date-Added = {2014-04-09 18:46:54 -0400},
	Date-Modified = {2014-04-09 18:53:15 -0400},
	Keywords = {multiview ppdb},
	Pages = {199--207},
	Title = {Multi-View Learning of Word Embeddings via CCA.},
	Volume = {24},
	Year = {2011}}

@article{2012DhillonTwoStepCCA,
	Adsnote = {Provided by the SAO/NASA Astrophysics Data System},
	Adsurl = {http://adsabs.harvard.edu/abs/2012arXiv1206.6403D},
	Archiveprefix = {arXiv},
	Author = {{Dhillon}, P. and {Rodu}, J. and {Foster}, D. and {Ungar}, L.},
	Date-Added = {2014-04-09 19:39:37 -0400},
	Date-Modified = {2014-04-09 19:40:31 -0400},
	Eprint = {1206.6403},
	Journal = {ArXiv e-prints},
	Keywords = {multiview ppdb},
	Primaryclass = {cs.CL},
	Title = {{Two Step CCA: A new spectral method for estimating vector models of words}},
	Year = 2012}

@inproceedings{Tackstrom2012Nudging,
	Acmid = {2390435},
	Address = {Stroudsburg, PA, USA},
	Author = {T\"{a}ckstr\"{o}m, Oscar},
	Booktitle = {Proceedings of the NAACL-HLT Workshop on the Induction of Linguistic Structure},
	Date-Added = {2014-04-09 18:42:04 -0400},
	Date-Modified = {2014-04-09 18:53:15 -0400},
	Keywords = {multiview ppdb},
	Location = {Montreal, Canada},
	Numpages = {9},
	Pages = {55--63},
	Publisher = {Association for Computational Linguistics},
	Series = {WILS '12},
	Title = {Nudging the Envelope of Direct Transfer Methods for Multilingual Named Entity Recognition},
	Url = {http://dl.acm.org/citation.cfm?id=2390426.2390435},
	Year = {2012},
	Bdsk-Url-1 = {http://dl.acm.org/citation.cfm?id=2390426.2390435}}

@inproceedings{Tackstrom2012Cross,
	Acmid = {2382096},
	Address = {Stroudsburg, PA, USA},
	Author = {T\"{a}ckstr\"{o}m, Oscar and McDonald, Ryan and Uszkoreit, Jakob},
	Booktitle = {Proceedings of the 2012 Conference of the North American Chapter of the Association for Computational Linguistics: Human Language Technologies},
	Date-Added = {2014-04-09 18:40:58 -0400},
	Date-Modified = {2014-04-09 18:41:21 -0400},
	Isbn = {978-1-937284-20-6},
	Keywords = {multiview ppdb},
	Location = {Montreal, Canada},
	Numpages = {11},
	Pages = {477--487},
	Publisher = {Association for Computational Linguistics},
	Series = {NAACL HLT '12},
	Title = {Cross-lingual Word Clusters for Direct Transfer of Linguistic Structure},
	Url = {http://dl.acm.org/citation.cfm?id=2382029.2382096},
	Year = {2012},
	Bdsk-Url-1 = {http://dl.acm.org/citation.cfm?id=2382029.2382096}}

@inproceedings{Huang2012Improving,
	Acmid = {2390645},
	Address = {Stroudsburg, PA, USA},
	Author = {Huang, Eric H. and Socher, Richard and Manning, Christopher D. and Ng, Andrew Y.},
	Booktitle = {Proceedings of the 50th Annual Meeting of the Association for Computational Linguistics: Long Papers - Volume 1},
	Date-Added = {2014-04-09 18:38:55 -0400},
	Date-Modified = {2014-04-09 18:41:21 -0400},
	Keywords = {multiview ppdb},
	Location = {Jeju Island, Korea},
	Numpages = {10},
	Pages = {873--882},
	Publisher = {Association for Computational Linguistics},
	Series = {ACL '12},
	Title = {Improving Word Representations via Global Context and Multiple Word Prototypes},
	Url = {http://dl.acm.org/citation.cfm?id=2390524.2390645},
	Year = {2012},
	Bdsk-Url-1 = {http://dl.acm.org/citation.cfm?id=2390524.2390645}}

@inproceedings{Zhang2013Multiview,
	Acmid = {2540402},
	Author = {Zhang, Wei and Zhang, Ke and Gu, Pan and Xue, Xiangyang},
	Booktitle = {Proceedings of the Twenty-Third International Joint Conference on Artificial Intelligence},
	Date-Added = {2014-04-09 18:45:47 -0400},
	Date-Modified = {2014-04-09 18:53:15 -0400},
	Isbn = {978-1-57735-633-2},
	Keywords = {multiview ppdb},
	Location = {Beijing, China},
	Numpages = {7},
	Pages = {1910--1916},
	Publisher = {AAAI Press},
	Series = {IJCAI'13},
	Title = {Multi-view Embedding Learning for Incompletely Labeled Data},
	Url = {http://dl.acm.org/citation.cfm?id=2540128.2540402},
	Year = {2013},
	Bdsk-Url-1 = {http://dl.acm.org/citation.cfm?id=2540128.2540402}}

@inproceedings{wang2013feature,
	Author = {Wang, Sida I and Wang, Mengqiu and Wager, Stefan and Liang, Percy and Manning, Christopher D},
	Booktitle = {Empirical Methods in Natural Language Processing},
	Date-Added = {2014-04-03 00:49:33 -0400},
	Date-Modified = {2014-04-03 00:50:12 -0400},
	Keywords = {multiview ppdb},
	Title = {Feature noising for log-linear structured prediction},
	Year = {2013}}

@inproceedings{wang2013effective,
	Author = {Wang, Mengqiu and Che, Wanxiang and Manning, Christopher D},
	Booktitle = {Proceedings of AAAI},
	Date-Added = {2014-04-03 00:48:50 -0400},
	Date-Modified = {2014-04-03 00:50:12 -0400},
	Keywords = {multiview ppdb},
	Title = {Effective bilingual constraints for semisupervised learning of named entity recognizers},
	Year = {2013}}

@inproceedings{zou2013bilingual,
	Author = {Zou, Will Y and Socher, Richard and Cer, Daniel and Manning, Christopher D},
	Booktitle = {Conference on Empirical Methods in Natural Language Processing (EMNLP 2013)},
	Date-Added = {2014-04-03 00:48:26 -0400},
	Date-Modified = {2014-04-03 00:50:12 -0400},
	Keywords = {multiview ppdb},
	Title = {Bilingual Word Embeddings for Phrase-Based Machine Translation},
	Year = {2013}}

